%----------------------------------------------------------------------------------------
% Geometric Modeling Project
% Literature BibTeX template (English)
% Interactive Graphics and Simulation Group
% University of Innsbruck
%----------------------------------------------------------------------------------------

@book{kelley1988terrain,
  title={Terrain simulation using a model of stream erosion},
  author={Kelley, Alex D and Malin, Michael C and Nielson, Gregory M},
  volume={22},
  number={4},
  year={1988},
  publisher={ACM}
}
@article{prusinkiewicz1990algorithmic,
  title={The Algorithmic Beauty of Plants With},
  author={Prusinkiewicz, Aristid Lindenmayer Przemyslaw and Lindenmayer, Aristid and Hanan, James S and Fracchia, F David and Fowler, Deborah},
  year={1990},
  publisher={Citeseer}
}
@article{abrahams1980divide,
  title={Divide angles and their relation to interior link lengths in natural channel networks},
  author={Abrahams, Athol D},
  journal={Geographical Analysis},
  volume={12},
  number={2},
  pages={157--171},
  year={1980},
  publisher={Wiley Online Library}
}
@article{shreve1966statistical,
  title={Statistical law of stream numbers},
  author={Shreve, Ronald L},
  journal={The Journal of Geology},
  pages={17--37},
  year={1966},
  publisher={JSTOR}
}
@article{howard1971optimal,
  title={Optimal angles of stream junction: Geometric, stability to capture, and minimum power criteria},
  author={Howard, Alan D},
  journal={Water Resources Research},
  volume={7},
  number={4},
  pages={863--873},
  year={1971},
  publisher={Wiley Online Library}
}
@article{flint1974stream,
  title={Stream gradient as a function of order, magnitude, and discharge},
  author={Flint, JJ},
  journal={Water Resources Research},
  volume={10},
  number={5},
  pages={969--973},
  year={1974},
  publisher={Wiley Online Library}
}