%----------------------------------------------------------------------------------------
% Einführung in das Wissenschaftliche Arbeiten 
% Literature BibTeX template (English)
% Interactive Graphics and Simulation Group
% University of Innsbruck
%----------------------------------------------------------------------------------------

@misc{link:scratch,
	author	= {Scratchapixel},
	title	= {Lesson 12: Introduction to Acceleration Structures},
	year		= {2012},
	howpublished	 = "\url{http://www.scratchapixel.com/old/lessons/3d-basic-lessons/lesson-12-introduction-to-acceleration-structures/}",
	note 	= "[Online; accessed 2014-11-19]"
}

@misc{link:Harvey,
	author	= {Steve Harvey},
	title	= {Ray Tracer Part Six – Depth Of Field},
	year		= {2012},
	howpublished	 = "\url{http://steveharveynz.wordpress.com/2012/12/21/ray-tracer-part-5-depth-of-field/}",
	note 	= "[Online; accessed 2014-11-19]"
}

@inproceedings{seiler:2013,
   author     = "M. Seiler and J. Spillmann and M. Harders",
   title         =  "Enriching Coarse Interactive Elastic Objects 
                      with High-Resolution Data-Driven Deformations", 
   booktitle  = "ACM SIGGRAPH/Eurographics Symposium on 
                     Computer Animation",
   pages      = "9--17", 
   year        = "2013"
}

@article{Cook:1984,
     author = {Cook, Robert L. and Porter, Thomas and Carpenter, Loren},
     title = {Distributed Ray Tracing},
     journal = {SIGGRAPH Comput. Graph.},
     volume = {18},
     number = {3},
     month = jan,
     year = {1984},
     issn = {0097-8930},
     pages = {137--145},
     numpages = {9},
     doi = {10.1145/964965.808590},
     acmid = {808590},
     publisher = {ACM},
     address = {New York, NY, USA},
     keywords = {Camera, Constructive solid geometry, Depth of field, Focus, Gloss, Motion blur, Penumbras, Ray tracing, Shadows, Translucency, Transparency}
} 

@book{shirley:2009,
   author     = "Peter Shirley",
   title         = "Fundamentals of Computer Graphics",
   publisher = "Taylor \& Francis",
   year        = "2009",
   edition    = "3rd"
}

@inproceedings{barsky2008algorithms,
  title={Algorithms for rendering depth of field effects in computer graphics},
  author={Barsky, Brian A and Kosloff, Todd J},
  booktitle={Proceedings of the 12th WSEAS international conference on Computers},
  volume={2008},
  year={2008},
  organization={World Scientific and Engineering Academy and Society (WSEAS)}
}

@inproceedings{kolb1995realistic,
  title={A realistic camera model for computer graphics},
  author={Kolb, Craig and Mitchell, Don and Hanrahan, Pat},
  booktitle={Proceedings of the 22nd annual conference on Computer graphics and interactive techniques},
  pages={317--324},
  year={1995},
  organization={ACM}
}

@incollection{barsky2003camera,
  title={Camera models and optical systems used in computer graphics: part I, object-based techniques},
  author={Barsky, Brian A and Horn, Daniel R and Klein, Stanley A and Pang, Jeffrey A and Yu, Meng},
  booktitle={Computational Science and Its Applications—ICCSA 2003},
  pages={246--255},
  year={2003},
  publisher={Springer}
}